@article{Shor:98,
  title={Quantum computing},
  author={Shor, Peter W.},
  journal={Documenta Mathematica},
  volume={1},
  pages={1000},
  year={1998},
  publisher={Universi{\"a}t Bielefeld, Fakult{\"a}t f{\"u}r Mathematik}
}

@article{Feynman:82,
  year={1982},
  title={Simulating physics with computers},
  issn={0020-7748},
  journal={International Journal of Theoretical Physics},
  volume={21},
  number={6-7},
  doi={10.1007/BF02650179},
  url={http://dx.doi.org/10.1007/BF02650179},
  publisher={Kluwer Academic Publishers-Plenum Publishers},
  author={Feynman, RichardP.},
  pages={467-488},
  language={English}
}

@article{Moore:65, 
  author={Moore, G.E.}, 
  journal={Proceedings of the IEEE}, 
  title={Cramming More Components Onto Integrated Circuits}, 
  year={1998}, 
  month={Jan}, 
  volume={86}, 
  number={1}, 
  pages={82-85}
}

@book{Nielsen:11,
 author = {Nielsen, Michael A. and Chuang, Isaac L.},
 title = {Quantum Computation and Quantum Information: 10th Anniversary Edition},
 year = {2011},
 isbn = {1107002176, 9781107002173},
 edition = {10th},
 publisher = {Cambridge University Press},
 address = {New York, NY, USA}
} 

@book{Williams:08,
 author = {Williams, Colin P.},
 title = {Explorations in Quantum Computing},
 year = {2008},
 isbn = {184628886X, 9781846288869},
 edition = {2nd},
 publisher = {Springer Publishing Company, Incorporated}
} 

@misc{Oskin:02,
  author = {Oskin, Mark},
  title = {{Q}uantum {C}omputing -- {L}ecture {N}otes},
  institution = {University of Washington},
  howpublished = {\url{http://homes.cs.washington.edu/~oskin/teaching.html} (accessed 09/2014)},
  year = 2002
}
